@ARTICLE{pv,
	author={S. Mahdi Darbandi, Mehdi Behzad, Hassan Salarieh, and Hamid Mehdigholi.},
	journal={Linear output feedback control of a three-pole magnetic bearing}, 
	title={IEEE/ASME Transactions on Mechatronics}, 
	year={2014},
	volume={4},
	number={19},
	pages={1323â€“1330},
	}
