\begin{document}

@article{Cleanroom,
	author = {Higuchi, Toshiro and Oka, Koichi and Sugawara, Hiroshi},
	title = {Clean room robot with non-contact joints using magnetic bearings},
	journal = {Advanced Robotics},
	volume = {7},
	number = {2},
	pages = {105-119},
	year = {1993}.
}

@book{grochmal2008modeling,
	title={Modeling and Control of Magnetically-levitated Rotating Shafts with Active Magnetic Bearings and Self-bearing Motors},
	author={Grochmal, T.R. and University of Alberta (Canada).},
	isbn={9780494463253},
	series={Canadian theses},
	url={https://books.google.com.eg/books?id=Sa6hHJfElUkC},
	year={2008},
	publisher={University of Alberta (Canada)}
}

\end{document}
